@article{einstein,
    author =       "Albert Einstein",
    title =        "{Zur Elektrodynamik bewegter K{\"o}rper}. ({German})
        [{On} the electrodynamics of moving bodies]",
    journal =      "Annalen der Physik",
    volume =       "322",
    number =       "10",
    pages =        "891--921",
    year =         "1905",
    DOI =          "http://dx.doi.org/10.1002/andp.19053221004"
}
 
 
@book{Rojas,
    author    = "Rojas Soriano, R. ",
    title     = "Guía para realizar investigaciones sociales, 26a. edición",
    year      = "2001",
    publisher = "Plaza Valdez",
    address   = "México"
}
 
@book{Erica,
    author    = "Lara Muñoz, E. M. ",
    title     = "Fundamentos de investigación: Un enfoque por competencias, 2da. edición",
    year      = "2013",
    publisher = "Alfaomega",
    address   = "México"
}

@book{latexcompanion,
    author    = "Michel Goossens and Frank Mittelbach and Alexander Samarin",
    title     = "The \LaTeX\ Companion",
    year      = "1993",
    publisher = "Addison-Wesley",
    address   = "Reading, Massachusetts"
}

@book{Korte,
    author    = "Korte, B. and Vygen, J.",
    title     = "Combinatorial optimization Theory and Algorithms, Fourth Edition",
    year      = "2008",
    publisher = "Springer Heidelberg Dordrecht. ",
    address   = "London New York"
}


@book{russel,
    author       = "Russell, S. J. \& Norvig, P", 
    title        = "Artificial Intelligence: A Modern Approach", 
    year         = "2003",
    publisher    = "Prentice Hall, 2a edição. ISBN 0-13-790395-2",
    address      = "Trujillo"
} 
 
@misc{knuthwebsite,
    author    = "Donald Knuth",
    title     = "Knuth: Computers and Typesetting",
    url       = "http://www-cs-faculty.stanford.edu/abcde.html",
    year =         "2003"
}

@book{Goossens,
author="Michel Goossens and Frank Mittelbach and Alexander Samarin",
	title="The \LaTeX Companion",
	editor="Addison-Wesley",
	year="1993"
}

@book{Lamport,
	author="Leslie Lamport",
	title="\LaTeX",
	editor="Addison-Wesley",
	year="1996"
} 
 
@book{Ghiani,
    author       = "Ghiani, G. and Laporte, G. and Musmanno, R.", 
    title        = "Introduction to logistics systems planning and control", 
    year         = "2004",
    publisher    = "Jhon Wiley \& Sons"
} 


@article{Ombuki,
    author       = "Ombuki, B. and Ross, Brian J. and Hanshar, F.",
    title        = "Multi-Objetive Genetic Algorithms for Vehicle Routing Problem with Time Windows", 
    journal =      "Applied Intelligence, Springer Science.",
    volume =       "322",
    number =       "12",
    pages =        "91--99",
    year =         "2006"
}

@article{Yeun,
    author       = "Yeun, L.C. and Ismail, W.R. and Omar, K. and Zirour, M. ",
    title        = "Vehicle Routing Problem: Models and solutions", 
    journal =      "Journal of Quality measurement and analysis.",
    volume =       "22",
    number =       "13",
    pages =        "111--120",
    year =         "2008"
}


@book{Sterle,
    author    = "Sterle, C.",
    title        = "Location-Routing models and methods for freight distribution and infomobility in city logistics", 
    year      = "2010",
    publisher = "Thèse de doctorat. Centre interuniversitaire de recherché sur les réseaux d' entreprise, la logistique et le transport.",
    address   = "CIRRELT"
}


@article{Tanguay,
    author       = "Tanguay, G.A. and Rajaonson, J. and Lefevre, J. and Lanoie, P. ",
    title        = "Measuring the sustainability of cities: An analysis of the use of local indicators.", 
    journal =      "Ecological Indiators, Elsevier.",
    volume =       "26",
    number =       "22",
    pages =        "100--115",
    year =         "2010"
}


@article{Dekker,
    author       = "Dekker, R. and Inderfurth, K. and van Wassenhove, L. and Fleischmann, M. ",
    title        = "Quantitative Approaches for reverse logistics.", 
    journal =      "Springer-Verlag, Berlin. Forthcoming.",
    volume =       "24",
    number =       "22",
    pages =        "40--60",
    year =         "2003"
 }

@misc{Cambridge,
	author   	 = "Cambridge",
	title    	 = "Tests",
	howpublished = "http://cambridgemichigan.org/.",
	 year     	 = "2003"
}









@book{Araujo,
	author    = "Araujo, B.S.",
	title     = "Aprendizaje automático: conceptos básicos y avanzados", 
	year      = "2006",
	publisher = "Pearson Education; 1st. edition (2006)"
}

@book{Hinton_Sejnowski,
	author    = "Hinton, G. E. and Sejnowski, T. J.",
	title     = "Unsupervised learning: foundations of neural computation", 
	year      = "1999",
	publisher = "MIT press"
}

@book{Leonard_Peter,
	author    = "Leonard, K. and Peter, R.",
	title     = "Finding Groups in Data: An Introduction to Clúster Analysis", 
	year      = "1990",
	publisher = "John Wiley and Sons"
}

@misc{Clustering,
	author        = "Wikipedia",
	title         = "Análisis de grupo",
	howpublished  = "https://es.wikipedia.org/wiki/An%C3%A1lisis_de_grupos#/media/File:Cluster-2.svg.",
	year     	  = "2010"
}

@article{Jain,
	author       = "Jain, A.",
	title        = "Data clustering: 50 years beyond K-means", 
	journal =      "Pattern Recognition Letters",
	volume =       "31",
	number =       "8",
	pages =        "651-666",
	year =         "2010"
}

@misc{process_kmeans,
	author   	 = "Fernando S.",
	title    	 = "Clasificación Supervisada y No Supervisada",
	howpublished = "http://www.cs.us.es/~fsancho/?e=77",
	year      	 = "2018"
}

@book{alvarez_rojas,
	author    = "Alvarez Franco, L. C. and Rojas Rojas, J. B.",
	title     = "Teoría de la probabilidad.", 
	year      = "2010",
	publisher = "Sello Editorial de la Universidad de Medellín."
}

@book{salkind,
	author    = "Salkind, N",
	title     = "Métodos de investigación.", 
	year      = "2012",
	publisher = "Pearson Education."
}

@book{pressman_troya,
	author    = "Pressman, R. S. and Troya, J. M.",
	title     = "Ingeniería del software.", 
	year      = "1988"
}

@book{mora,
	author    = "Mora, S. L.",
	title     = "Programación en Internet: clientes web.", 
	year      = "2001",
	publisher = "Editorial Club Universitario."
}

@misc{apache,
	author        = "Apache",
	title     	  = "Xamp",
	howpublished  = "https://www.apachefriends.org/es/index.html",
	year      	  = "2019"
}

@misc{histograma,
	author       = "UNAM",
	title        = "Histograma",
	year         = "2019",
	howpublished = "http://asesorias.cuautitlan2.unam.mx/Laboratoriovirtualdeestadistica/DOCUMENTOS/TEMA%201/7.%20HISTOGRAMAS.pdf"
    
}

@misc{histograma_unam,
	author       = "UNAM",
	title        = "Histograma",
	year         = "2019",
	howpublished = "http://asesorias.cuautitlan2.unam.mx/Laboratoriovirtualdeestadistica/DOCUMENTOS/TEMA%201/7.%20HISTOGRAMAS.pdf"
		
	
}

@misc{histograma_aiteco,
	author       = "aiteco",
	title        = "Histograma – Herramientas de la Calidad",
	year         = "2019",
	howpublished = "https://www.aiteco.com/histograma/"
	
}

@misc{histograma_tipos,
	author       = "HRC",
	title        = "Ejemplos de tipos de representaciones gráficas",
	year         = "2019",
	howpublished = "http://www.hrc.es/bioest/Ejemplos%histo.html"
	
}

@misc{rae_prediccion,
	author       = "RAE",
	title        = "Predicción",
	year         = "2019",
	howpublished = "http://dle.rae.es/srv/search=prediccion."
	
}

@book{mora_prediccion,
	author    = "Mora, J. F., Belsunce, E. G.",
	title     = "Diccionario  de  filosofía  abreviado.", 
	year      = "1974",
	publisher = "Editorial Sudamericana."
}

@misc{julian_maria,
	author       = "Julián, P. and María, M. ",
	title        = "Definición de predicción",
	year         = "2014",
	howpublished = "http://definicion.de/prediccion/"
	
}

@article{bayes,
	author      = "Bayes, Thomas",
	title       = "An Essay towards solving a Problem in the Doctrine of Chances.", 
	journal 	= "Philosophical Transactions of the Royal Society of London",
	volume 		= "1",
	number 		= "2",
	pages 		= "370-418",
	year 		= "1763",
	doi         = "10.1098/rstl.1763.0053"
}

@book{bayes_formula,
	author    = "Parzen, Emanuel.",
	title     = "Teoría moderna de probabilidades y sus aplicaciones", 
	year      = "XXXX",
	publisher = "Limusa Grupo Noriega Editores"
}

@misc{pregunta_opcion_multiple,
	author       = "kchung",
	title        = "Hoja de respuestas de opción múltiple",
	year         = "2016",
	note 	     = [Online; accesso: Mayo 16, 2018],
	howpublished = "https://es.123rf.com/photo_34058819_hoja-de-respuestas-de-opci%C3%B3n-m%C3%BAltiple-o-de-servicio-al-cliente-encuesta-de-satisfacci%C3%B3n-con-el-l%C3%A1piz.html"
	
}

@book{loeve,
	author    = "Loeve, M.",
	title     = "Probability theory", 
	year      = "1978",
	publisher = "Technical report."
}

@misc{julian_maria,
	author       = "eandbsoftware.org",
	title        = "Software LAMP",
	year         = "2013",
	howpublished = "https://www.eandbsoftware.org/wp-content/uploads/2013/11/LAMP.png"
	
}


